@inproceedings{neunert2016open,
  title={An open source, fiducial based, visual-inertial motion capture system},
  author={Neunert, Michael and Bloesch, Michael and Buchli, Jonas},
  booktitle={2016 19th International Conference on Information Fusion (FUSION)},
  year={2016},
  organization={IEEE}
}

@article{he2019lightweight,
  title={A lightweight and scalable visual-inertial motion capture system using fiducial markers},
  author={He, Guoping and Zhong, Shangkun and Guo, Jifeng},
  journal={Autonomous Robots},
  volume={43},
  number={7},
  pages={1895--1915},
  year={2019},
  publisher={Springer}
}