
% absolute loca
@inproceedings{quigley2009ros,
  title={ROS: an open-source Robot Operating System},
  author={Quigley, Morgan and Conley, Ken and Gerkey, Brian and Faust, Josh and Foote, Tully and Leibs, Jeremy and Wheeler, Rob and Ng, Andrew Y and others},
  booktitle={ICRA workshop on open source software},
  volume={3},
  number={3.2},
  pages={5},
  year={2009},
  organization={Kobe, Japan}
}

@inproceedings{furgale2013unified,
  title={Unified temporal and spatial calibration for multi-sensor systems},
  author={Furgale, Paul and Rehder, Joern and Siegwart, Roland},
  booktitle={2013 IEEE/RSJ International Conference on Intelligent Robots and Systems},
  pages={1280--1286},
  year={2013},
  organization={IEEE}
}


@inproceedings{neunert2016open,
  title={An open source, fiducial based, visual-inertial motion capture system},
  author={Neunert, Michael and Bloesch, Michael and Buchli, Jonas},
  booktitle={2016 19th International Conference on Information Fusion (FUSION)},
  year={2016},
  organization={IEEE}
}

@inproceedings{zhang2018tutorial,
  title={A tutorial on quantitative trajectory evaluation for visual (-inertial) odometry},
  author={Zhang, Zichao and Scaramuzza, Davide},
  booktitle={2018 IEEE/RSJ International Conference on Intelligent Robots and Systems (IROS)},
  pages={7244--7251},
  year={2018},
  organization={IEEE}
}

@article{he2019lightweight,
  title={A lightweight and scalable visual-inertial motion capture system using fiducial markers},
  author={He, Guoping and Zhong, Shangkun and Guo, Jifeng},
  journal={Autonomous Robots},
  volume={43},
  number={7},
  pages={1895--1915},
  year={2019},
  publisher={Springer}
}


% Centroidal
@inproceedings {adelprete:jnrh:2016,
    title = {Implementing Torque Control with High-Ratio Gear Boxes and without Joint-Torque Sensors},
    booktitle = {Int. Journal of Humanoid Robotics},
    year = {2016},
    pages = {1550044},
    url = {https://hal.archives-ouvertes.fr/hal-01136936/document},
    author = {Andrea Del Prete, Nicolas Mansard, Oscar E Ramos, Olivier Stasse, Francesco Nori}
}



%CosySLAM



@article{pillai2015monocular,
  title={Monocular slam supported object recognition},
  author={Pillai, Sudeep and Leonard, John},
  journal={arXiv preprint arXiv:1506.01732},
  year={2015}
}

@article{bellicoso2018advances,
  title={Advances in real-world applications for legged robots},
  author={Bellicoso, C Dario and Bjelonic, Marko and Wellhausen, Lorenz and Holtmann, Kai and G{\"u}nther, Fabian and Tranzatto, Marco and Fankhauser, Peter and Hutter, Marco},
  journal={Journal of Field Robotics},
  volume={35},
  number={8},
  pages={1311--1326},
  year={2018},
  publisher={Wiley Online Library}
}


@inproceedings{sucar2020nodeslam,
  title={NodeSLAM: Neural object descriptors for multi-view shape reconstruction},
  author={Sucar, Edgar and Wada, Kentaro and Davison, Andrew},
  booktitle={2020 International Conference on 3D Vision (3DV)},
  pages={949--958},
  year={2020},
  organization={IEEE}
}