@inproceedings{xinjilefu2015center,
  title={Center of mass estimator for humanoids and its application in modelling error compensation, fall detection and prevention},
  author={Xinjilefu, X and Feng, Siyuan and Atkeson, Christopher G},
  booktitle={2015 IEEE-RAS 15th International Conference on Humanoid Robots (Humanoids)},
  pages={67--73},
  year={2015},
  organization={IEEE}
}



@article{carpentier2016center,
  title={Center-of-mass estimation for a polyarticulated system in contact—A spectral approach},
  author={Carpentier, Justin and Benallegue, Mehdi and Mansard, Nicolas and Laumond, Jean-Paul},
  journal={IEEE Transactions on Robotics},
  volume={32},
  number={4},
  pages={810--822},
  year={2016},
  publisher={IEEE}
}

@inproceedings{stephens2011state,
  title={State estimation for force-controlled humanoid balance using simple models in the presence of modeling error},
  author={Stephens, Benjamin J},
  booktitle={2011 IEEE International Conference on Robotics and Automation},
  pages={3994--3999},
  year={2011},
  organization={IEEE}
}

@inproceedings{benallegue2018model,
  title={Model-based external force/moment estimation for humanoid robots with no torque measurement},
  author={Benallegue, Mehdi and Gergondet, Pierre and Audrerr, Herve and Mifsud, Alexis and Morisawa, Mitsuharu and Lamiraux, Florent and Kheddar, Abderrahmane and Kanehiro, Fumio},
  booktitle={2018 IEEE International Conference on Robotics and Automation (ICRA)},
  pages={3122--3129},
  year={2018},
  organization={IEEE}
}

@article{piperakis2018nonlinear,
  title={Nonlinear state estimation for humanoid robot walking},
  author={Piperakis, Stylianos and Koskinopoulou, Maria and Trahanias, Panos},
  journal={IEEE Robotics and Automation Letters},
  volume={3},
  number={4},
  pages={3347--3354},
  year={2018},
  publisher={IEEE}
}



@inproceedings{bailly2019recursive,
  title={Recursive estimation of the human body’s center of mass and angular momentum derivative},
  author={Bailly, Fran{\c{c}}ois and Carpentier, Justin and Watier, Bruno and Soueres, Philippe},
  booktitle={CMBBE 16th Internat. Symposium on Computer Methods in Biomechanics and Biomedical Engineering},
  year={2019}
}

@article{hawley2019external,
  title={External Force Observer for Small and Medium-sized Humanoid Robots},
  author={Hawley, Louis and Rahem, R{\'e}my and Suleiman, Wael},
  journal={International Journal of Humanoid Robotics},
  year={2019},
  publisher={World Scientific Publishing Company}
}
@inproceedings{bailly2021optimal,
  title={Optimal Estimation of the Centroidal Dynamics of Legged Robots},
  author={Bailly, Fran{\c{c}}ois and Carpentier, Justin and Sou{\`e}res, Philippe},
  booktitle={ICRA 2021-IEEE International Conference on Robotics and Automation},
  year={2021}
}



@inproceedings{rotella2015humanoid,
  title={Humanoid momentum estimation using sensed contact wrenches},
  author={Rotella, Nicholas and Herzog, Alexander and Schaal, Stefan and Righetti, Ludovic},
  booktitle={2015 IEEE-RAS 15th International Conference on Humanoid Robots (Humanoids)},
  pages={556--563},
  year={2015},
  organization={IEEE}
}


@inproceedings{atkeson2012state,
  title={State estimation of a walking humanoid robot},
  author={Atkeson, Christopher G and others},
  booktitle={2012 IEEE/RSJ International Conference on Intelligent Robots and Systems},
  pages={3693--3699},
  year={2012},
  organization={IEEE}
}


@inproceedings{xinjilefu2014dynamic,
  title={Dynamic state estimation using quadratic programming},
  author={Xinjilefu, X and Feng, Siyuan and Atkeson, Christopher G},
  booktitle={2014 IEEE/RSJ International Conference on Intelligent Robots and Systems},
  pages={989--994},
  year={2014},
  organization={IEEE}
}

@article{sardain2004forces,
  title={Forces acting on a biped robot. Center of pressure-zero moment point},
  author={Sardain, Philippe and Bessonnet, Guy},
  journal={IEEE Transactions on Systems, Man, and Cybernetics-Part A: Systems and Humans},
  volume={34},
  number={5},
  pages={630--637},
  year={2004},
  publisher={IEEE}
}