
@inproceedings{manuelli2016localizing,
  title={Localizing external contact using proprioceptive sensors: The contact particle filter},
  author={Manuelli, Lucas and Tedrake, Russ},
  booktitle={2016 IEEE/RSJ International Conference on Intelligent Robots and Systems (IROS)},
  pages={5062--5069},
  year={2016},
  organization={IEEE}
}



@inproceedings{bloesch2013stateSlippery,
  title={State estimation for legged robots on unstable and slippery terrain},
  author={Bloesch, Michael and Gehring, Christian and Fankhauser, P{\'e}ter and Hutter, Marco and Hoepflinger, Mark A and Siegwart, Roland},
  booktitle={2013 IEEE/RSJ International Conference on Intelligent Robots and Systems},
  pages={6058--6064},
  year={2013},
  organization={IEEE}
}


@article{camurri2017probabilistic,
  title={Probabilistic contact estimation and impact detection for state estimation of quadruped robots},
  author={Camurri, Marco and Fallon, Maurice and Bazeille, St{\'e}phane and Radulescu, Andreea and Barasuol, Victor and Caldwell, Darwin G and Semini, Claudio},
  journal={IEEE Robotics and Automation Letters},
  volume={2},
  number={2},
  pages={1023--1030},
  year={2017},
  publisher={IEEE}
}



@inproceedings{hwangbo2016probabilistic,
  title={Probabilistic foot contact estimation by fusing information from dynamics and differential/forward kinematics},
  author={Hwangbo, Jemin and Bellicoso, Carmine Dario and Fankhauser, P{\'e}ter and Hutter, Marco},
  booktitle={2016 IEEE/RSJ International Conference on Intelligent Robots and Systems (IROS)},
  pages={3872--3878},
  year={2016},
  organization={IEEE}
}

@article{jenelten2019dynamic,
  title={Dynamic Locomotion on Slippery Ground},
  author={Jenelten, Fabian and Hwangbo, Jemin and Tresoldi, Fabian and Bellicoso, C Dario and Hutter, Marco},
  journal={IEEE Robotics and Automation Letters},
  volume={4},
  number={4},
  pages={4170--4176},
  year={2019},
  publisher={IEEE}
}

@inproceedings{bledt2018contact,
  title={Contact model fusion for event-based locomotion in unstructured terrains},
  author={Bledt, Gerardo and Wensing, Patrick M and Ingersoll, Sam and Kim, Sangbae},
  booktitle={2018 IEEE International Conference on Robotics and Automation (ICRA)},
  pages={1--8},
  year={2018},
  organization={IEEE}
}

@inproceedings{de2006collision,
  title={Collision detection and safe reaction with the DLR-III lightweight manipulator arm},
  author={De Luca, Alessandro and Albu-Schaffer, Alin and Haddadin, Sami and Hirzinger, Gerd},
  booktitle={2006 IEEE/RSJ International Conference on Intelligent Robots and Systems},
  pages={1623--1630},
  year={2006},
  organization={IEEE}
}



@inproceedings{rotella2018unsupervised,
  title={Unsupervised contact learning for humanoid estimation and control},
  author={Rotella, Nicholas and Schaal, Stefan and Righetti, Ludovic},
  booktitle={2018 IEEE International Conference on Robotics and Automation (ICRA)},
  pages={411--417},
  year={2018},
  organization={IEEE}
}

@inproceedings{Focchi2015SlipDA,
  title={Slip Detection and Recovery for Quadruped Robots},
  author={Michele Focchi and Victor Barasuol and M. Frigerio and D. Caldwell and C. Semini},
  booktitle={ISRR},
  year={2015}
}

@article{lin2021deep,
  title={Deep Multi-Modal Contact Estimation for Invariant Observer Design on Quadruped Robots},
  author={Lin, Tzu-Yuan and Zhang, Ray and Yu, Justin and Ghaffari, Maani},
  journal={arXiv preprint arXiv:2106.15713},
  year={2021}
}
