@article{davison2007monoslam,
  title={MonoSLAM: Real-time single camera SLAM},
  author={Davison, Andrew J and Reid, Ian D and Molton, Nicholas D and Stasse, Olivier},
  journal={IEEE transactions on pattern analysis and machine intelligence},
  volume={29},
  number={6},
  pages={1052--1067},
  year={2007},
  publisher={IEEE}
}

@inproceedings{fallon2014drift,
  title={Drift-free humanoid state estimation fusing kinematic, inertial and lidar sensing},
  author={Fallon, Maurice F and Antone, Matthew and Roy, Nicholas and Teller, Seth},
  booktitle={2014 IEEE-RAS International Conference on Humanoid Robots},
  pages={112--119},
  year={2014},
  organization={IEEE}
}


@inproceedings{scona2017direct,
  title={Direct visual SLAM fusing proprioception for a humanoid robot},
  author={Scona, Raluca and Nobili, Simona and Petillot, Yvan R and Fallon, Maurice},
  booktitle={2017 IEEE/RSJ International Conference on Intelligent Robots and Systems (IROS)},
  pages={1419--1426},
  year={2017},
  organization={IEEE}
}

@article{nobili2017heterogeneous,
  title={Heterogeneous sensor fusion for accurate state estimation of dynamic legged robots},
  author={Nobili, Simona and Camurri, Marco and Barasuol, Victor and Focchi, Michele and Caldwell, Darwin and Semini, Claudio and Fallon, Maurice F},
  year={2017},
  publisher={Robotics: Science and Systems Foundation}
}

@article{mastalli2020motion,
  title={Motion planning for quadrupedal locomotion: Coupled planning, terrain mapping, and whole-body control},
  author={Mastalli, Carlos and Havoutis, Ioannis and Focchi, Michele and Caldwell, Darwin G and Semini, Claudio},
  journal={IEEE Transactions on Robotics},
  volume={36},
  number={6},
  pages={1635--1648},
  year={2020},
  publisher={IEEE}
}



@article{fankhauser2018probabilistic,
  title={Probabilistic terrain mapping for mobile robots with uncertain localization},
  author={Fankhauser, P{\'e}ter and Bloesch, Michael and Hutter, Marco},
  journal={IEEE Robotics and Automation Letters},
  volume={3},
  number={4},
  pages={3019--3026},
  year={2018},
  publisher={IEEE}
}


@article{buchanan2021navigating,
  title={Navigating by touch: haptic Monte Carlo localization via geometric sensing and terrain classification},
  author={Buchanan, Russell and Bednarek, Jakub and Camurri, Marco and Nowicki, Micha{\l} R and Walas, Krzysztof and Fallon, Maurice},
  journal={Autonomous Robots},
  volume={45},
  number={6},
  pages={843--857},
  year={2021},
  publisher={Springer}
}