@article{montemerlo2002fastslam,
  title={FastSLAM: A factored solution to the simultaneous localization and mapping problem},
  author={Montemerlo, Michael and Thrun, Sebastian and Koller, Daphne and Wegbreit, Ben and others},
  journal={Aaai/iaai},
  volume={593598},
  year={2002}
}

@article{loeliger2004introduction,
  title={An introduction to factor graphs},
  author={Loeliger, H-A},
  journal={IEEE Signal Processing Magazine},
  volume={21},
  number={1},
  pages={28--41},
  year={2004},
  publisher={IEEE}
}

@article{dellaert2006square,
  title={Square Root SAM: Simultaneous localization and mapping via square root information smoothing},
  author={Dellaert, Frank and Kaess, Michael},
  journal={The International Journal of Robotics Research},
  volume={25},
  number={12},
  pages={1181--1203},
  year={2006},
  publisher={Sage Publications Sage CA: Thousand Oaks, CA}
}

@book{koller2009probabilistic,
  title={Probabilistic graphical models: principles and techniques},
  author={Koller, Daphne and Friedman, Nir},
  year={2009},
  publisher={MIT press}
}

@article{dellaert2017factor,
  title={Factor graphs for robot perception},
  author={Dellaert, Frank and Kaess, Michael and others},
  journal={Foundations and Trends{\textregistered} in Robotics},
  volume={6},
  number={1-2},
  pages={1--139},
  year={2017},
  publisher={Now Publishers, Inc.}
}

@inproceedings{dong2016motion,
  title={Motion Planning as Probabilistic Inference using Gaussian Processes and Factor Graphs.},
  author={Dong, Jing and Mukadam, Mustafa and Dellaert, Frank and Boots, Byron},
  booktitle={Robotics: Science and Systems},
  volume={12},
  pages={4},
  year={2016}
}

@article{barfoot2020exactly,
  title={Exactly sparse Gaussian variational inference with application to derivative-free batch nonlinear state estimation},
  author={Barfoot, Timothy D and Forbes, James R and Yoon, David J},
  journal={The International Journal of Robotics Research},
  volume={39},
  number={13},
  pages={1473--1502},
  year={2020},
  publisher={SAGE Publications Sage UK: London, England}
}

@article{wong2020variational,
  title={Variational inference with parameter learning applied to vehicle trajectory estimation},
  author={Wong, Jeremy Nathan and Yoon, David Juny and Schoellig, Angela P and Barfoot, Timothy D},
  journal={IEEE Robotics and Automation Letters},
  volume={5},
  number={4},
  pages={5291--5298},
  year={2020},
  publisher={IEEE}
}
@article{lambert2022recursive,
  title={The recursive variational Gaussian approximation (R-VGA)},
  author={Lambert, Marc and Bonnabel, Silvere and Bach, Francis},
  journal={Statistics and Computing},
  volume={32},
  number={1},
  pages={1--24},
  year={2022},
  publisher={Springer}
}