@inproceedings{wang2016iros,
    AUTHOR     = {John Wang and Edwin Olson},
    TITLE      = {{AprilTag} 2: Efficient and robust fiducial detection},
    BOOKTITLE  = {Proceedings of the {IEEE/RSJ} International Conference on Intelligent
                 Robots and Systems {(IROS)}},
    YEAR       = {2016},
}


@article{collins2014infinitesimal,
  title={Infinitesimal plane-based pose estimation},
  author={Collins, Toby and Bartoli, Adrien},
  journal={International journal of computer vision},
  volume={109},
  number={3},
  pages={252--286},
  year={2014},
  publisher={Springer}
}
