@article{dellaert2017factor,
  title={Factor graphs for robot perception},
  author={Dellaert, Frank and Kaess, Michael and others},
  journal={Foundations and Trends{\textregistered} in Robotics},
  volume={6},
  number={1-2},
  pages={1--139},
  year={2017},
  publisher={Now Publishers, Inc.}
}