@inproceedings{rotella2016imu,
  title={IMU-based joint state estimation for humanoid control},
  author={Rotella, Nicholas and Mason, Sean and Schaal, Stefan and Righetti, Ludovic}
}


@inproceedings{vigne2018estimation,
  title={Estimation of multiple flexibilities of an articulated system using inertial measurements},
  author={Vigne, Matthieu and El Khoury, Antonio and Masselin, Matthieu and Di Meglio, Florent and Petit, Nicolas},
  booktitle={2018 IEEE Conference on Decision and Control (CDC)},
  pages={6779--6785},
  year={2018},
  organization={IEEE}
}


@article{benallegue2015estimation,
  title={Estimation and stabilization of humanoid flexibility deformation using only inertial measurement units and contact information},
  author={Benallegue, Mehdi and Lamiraux, Florent},
  journal={International Journal of Humanoid Robotics},
  volume={12},
  number={03},
  pages={1550025},
  year={2015},
  publisher={World Scientific}
}


@inproceedings{xinjilefu2016distributed,
  title={A distributed mems gyro network for joint velocity estimation},
  author={Xinjilefu, X and Feng, Siyuan and Atkeson, Christopher G},
  booktitle={2016 IEEE International Conference on Robotics and Automation (ICRA)},
  pages={1879--1884},
  year={2016},
  organization={IEEE}
}