@inproceedings{fallon2014drift,
  title={Drift-free humanoid state estimation fusing kinematic, inertial and lidar sensing},
  author={Fallon, Maurice F and Antone, Matthew and Roy, Nicholas and Teller, Seth},
  booktitle={2014 IEEE-RAS International Conference on Humanoid Robots},
  pages={112--119},
  year={2014},
  organization={IEEE}
}