% Fiducial
@article{gao2003complete,
  title={Complete solution classification for the perspective-three-point problem},
  author={Gao, Xiao-Shan and Hou, Xiao-Rong and Tang, Jianliang and Cheng, Hang-Fei},
  journal={IEEE transactions on pattern analysis and machine intelligence},
  volume={25},
  number={8},
  pages={930--943},
  year={2003},
  publisher={IEEE}
}

@inproceedings{wang2016iros,
    AUTHOR     = {John Wang and Edwin Olson},
    TITLE      = {{AprilTag} 2: Efficient and robust fiducial detection},
    BOOKTITLE  = {Proceedings of the {IEEE/RSJ} International Conference on Intelligent
                 Robots and Systems {(IROS)}},
    YEAR       = {2016},
}

@INPROCEEDINGS{8206468,
author={P. {Jin} and P. {Matikainen} and S. S. {Srinivasa}},
booktitle={2017 IEEE/RSJ IROS},
title={Sensor fusion for fiducial tags: Highly robust pose estimation from single frame RGBD},
year={2017},
}

@article{romero2018speeded,
  title={Speeded up detection of squared fiducial markers},
  author={Romero-Ramirez, Francisco J and Mu{\~n}oz-Salinas, Rafael and Medina-Carnicer, Rafael},
  journal={Image and vision Computing},
  volume={76},
  pages={38--47},
  year={2018},
  publisher={Elsevier}
}

@article{lepetit2009epnp,
  title={Epnp: An accurate o (n) solution to the pnp problem},
  author={Lepetit, Vincent and Moreno-Noguer, Francesc and Fua, Pascal},
  journal={International journal of computer vision},
  volume={81},
  number={2},
  pages={155},
  year={2009},
  publisher={Springer}
}


@article{collins2014infinitesimal,
  title={Infinitesimal plane-based pose estimation},
  author={Collins, Toby and Bartoli, Adrien},
  journal={International journal of computer vision},
  volume={109},
  number={3},
  pages={252--286},
  year={2014},
  publisher={Springer}
}

@article{urban2016mlpnp,
  title={Mlpnp-a real-time maximum likelihood solution to the perspective-n-point problem},
  author={Urban, Steffen and Leitloff, Jens and Hinz, Stefan},
  journal={arXiv preprint arXiv:1607.08112},
  year={2016}
}

@inproceedings{terzakis2020consistently,
  title={A consistently fast and globally optimal solution to the perspective-n-point problem},
  author={Terzakis, George and Lourakis, Manolis},
  booktitle={European Conference on Computer Vision},
  pages={478--494},
  year={2020},
  organization={Springer}
}




% Cosy

@misc{he2018mask,
      title={Mask R-CNN}, 
      author={Kaiming He and Georgia Gkioxari and Piotr Dollár and Ross Girshick},
      year={2018},
      eprint={1703.06870},
      archivePrefix={arXiv},
      primaryClass={cs.CV}
}

@article{denninger2019blenderproc,
  title={BlenderProc},
  author={Denninger, Maximilian and Sundermeyer, Martin and Winkelbauer, Dominik and Zidan, Youssef and Olefir, Dmitry and Elbadrawy, Mohamad and Lodhi, Ahsan and Katam, Harinandan},
  journal={arXiv preprint arXiv:1911.01911},
  year={2019}
}

@MISC{coumans2021,
author =   {Erwin Coumans and Yunfei Bai},
title =    {PyBullet, a Python module for physics simulation for games, robotics and machine learning},
howpublished = {\url{http://pybullet.org}},
year = {2016--2021}
}



@inproceedings{gal2016dropout,
  title={Dropout as a bayesian approximation: Representing model uncertainty in deep learning},
  author={Gal, Yarin and Ghahramani, Zoubin},
  booktitle={international conference on machine learning},
  pages={1050--1059},
  year={2016},
  organization={PMLR}
}


@inproceedings{yang2020d3vo,
  title={D3vo: Deep depth, deep pose and deep uncertainty for monocular visual odometry},
  author={Yang, Nan and Stumberg, Lukas von and Wang, Rui and Cremers, Daniel},
  booktitle={Proceedings of the IEEE/CVF Conference on Computer Vision and Pattern Recognition},
  pages={1281--1292},
  year={2020}
}


@article{jospin2020hands,
  title={Hands-on Bayesian Neural Networks--a Tutorial for Deep Learning Users},
  author={Jospin, Laurent Valentin and Buntine, Wray and Boussaid, Farid and Laga, Hamid and Bennamoun, Mohammed},
  journal={arXiv preprint arXiv:2007.06823},
  year={2020}
}


@article{hodan2020bop,
  title={{BOP} Challenge 2020 on {6D} Object Localization},
  author={Hoda{\v{n}}, Tom{\'a}{\v{s}} and Sundermeyer, Martin and Drost, Bertram and Labb{\'e}, Yann and Brachmann, Eric and Michel, Frank and Rother, Carsten and Matas, Ji{\v{r}}{\'i}},
  journal={European Conference on Computer Vision Workshops (ECCVW)},
  year={2020}
}

@article{deepim_2019,
   title={DeepIM: Deep Iterative Matching for 6D Pose Estimation},
   volume={128},
   ISSN={1573-1405},
   url={http://dx.doi.org/10.1007/s11263-019-01250-9},
   DOI={10.1007/s11263-019-01250-9},
   number={3},
   journal={International Journal of Computer Vision},
   publisher={Springer Science and Business Media LLC},
   author={Li, Yi and Wang, Gu and Ji, Xiangyang and Xiang, Yu and Fox, Dieter},
   year={2019},
   month={Nov},
   pages={657–678}
}

@misc{zhou2020continuity,
      title={On the Continuity of Rotation Representations in Neural Networks}, 
      author={Yi Zhou and Connelly Barnes and Jingwan Lu and Jimei Yang and Hao Li},
      year={2020},
      eprint={1812.07035},
      archivePrefix={arXiv},
      primaryClass={cs.LG}
}

@misc{tan2020efficientnet,
      title={EfficientNet: Rethinking Model Scaling for Convolutional Neural Networks}, 
      author={Mingxing Tan and Quoc V. Le},
      year={2020},
      eprint={1905.11946},
      archivePrefix={arXiv},
      primaryClass={cs.LG}
}

@article{SalasMoreno2013SLAMSL,
  title={SLAM++: Simultaneous Localisation and Mapping at the Level of Objects},
  author={Renato F. Salas-Moreno and Richard A. Newcombe and H. Strasdat and P. Kelly and A. Davison},
  journal={2013 IEEE Conference on Computer Vision and Pattern Recognition},
  year={2013},
  pages={1352-1359}
}

@article{scikit-learn,
 title={Scikit-learn: Machine Learning in {P}ython},
 author={Pedregosa, F. and Varoquaux, G. and Gramfort, A. and Michel, V.
         and Thirion, B. and Grisel, O. and Blondel, M. and Prettenhofer, P.
         and Weiss, R. and Dubourg, V. and Vanderplas, J. and Passos, A. and
         Cournapeau, D. and Brucher, M. and Perrot, M. and Duchesnay, E.},
 journal={Journal of Machine Learning Research},
 volume={12},
 pages={2825--2830},
 year={2011}
}

@inproceedings{konig2020hybrid,
  title={A hybrid approach for 6DoF pose estimation},
  author={K{\"o}nig, Rebecca and Drost, Bertram},
  booktitle={European Conference on Computer Vision},
  pages={700--706},
  year={2020},
  organization={Springer}
}

@inproceedings{labbe2020cosypose,
  title={Cosypose: Consistent multi-view multi-object 6d pose estimation},
  author={Labb{\'e}, Yann and Carpentier, Justin and Aubry, Mathieu and Sivic, Josef},
  booktitle={European Conference on Computer Vision},
  pages={574--591},
  year={2020},
  organization={Springer}
}

@article{haugaard2021surfemb,
  title={SurfEmb: Dense and Continuous Correspondence Distributions for Object Pose Estimation with Learnt Surface Embeddings},
  author={Haugaard, Rasmus Laurvig and Buch, Anders Glent},
  journal={arXiv preprint arXiv:2111.13489},
  year={2021}
}

@inproceedings{labbe2021single,
  title={Single-view robot pose and joint angle estimation via render \& compare},
  author={Labb{\'e}, Yann and Carpentier, Justin and Aubry, Mathieu and Sivic, Josef},
  booktitle={Proceedings of the IEEE/CVF Conference on Computer Vision and Pattern Recognition},
  pages={1654--1663},
  year={2021}
}

