% Online Batch Estimation
%%%%%%%%%%%%%%%%%%%%%%%%
%%%%%%%%%%%%%%%%%%%%%%%%
@article{buchanan2021learning,
  title   = {Learning Inertial Odometry for Dynamic Legged Robot State Estimation},
  author  = {Buchanan, Russell and Camurri, Marco and Dellaert, Frank and Fallon, Maurice},
  journal = {arXiv preprint arXiv:2111.00789},
  year    = {2021}
}

@article{lu1997globally,
  title     = {Globally consistent range scan alignment for environment mapping},
  author    = {Lu, Feng and Milios, Evangelos},
  journal   = {Autonomous robots},
  volume    = {4},
  number    = {4},
  pages     = {333--349},
  year      = {1997},
  publisher = {Springer}
}


@article{strasdat2012visual,
  title     = {Visual SLAM: why filter?},
  author    = {Strasdat, Hauke and Montiel, Jos{\'e} MM and Davison, Andrew J},
  journal   = {Image and Vision Computing},
  volume    = {30},
  number    = {2},
  pages     = {65--77},
  year      = {2012},
  publisher = {Elsevier}
}

@inproceedings{hartley2018legged,
  title={Legged robot state-estimation through combined forward kinematic and preintegrated contact factors},
  author={Hartley, Ross and Mangelson, Josh and Gan, Lu and Jadidi, Maani Ghaffari and Walls, Jeffrey M and Eustice, Ryan M and Grizzle, Jessy W},
  booktitle={2018 IEEE International Conference on Robotics and Automation (ICRA)},
  pages={4422--4429},
  year={2018},
  organization={IEEE}
}

@inproceedings{hartley2018hybrid,
  title={Hybrid contact preintegration for visual-inertial-contact state estimation using factor graphs},
  author={Hartley, Ross and Jadidi, Maani Ghaffari and Gan, Lu and Huang, Jiunn-Kai and Grizzle, Jessy W and Eustice, Ryan M},
  booktitle={2018 IEEE/RSJ International Conference on Intelligent Robots and Systems (IROS)},
  pages={3783--3790},
  year={2018},
  organization={IEEE}
}


@article{wisth2019robust,
  title={Robust legged robot state estimation using factor graph optimization},
  author={Wisth, David and Camurri, Marco and Fallon, Maurice},
  journal={IEEE Robotics and Automation Letters},
  volume={4},
  number={4},
  pages={4507--4514},
  year={2019},
  publisher={IEEE}
}

@inproceedings{wisth2020preintegrated,
  title={Preintegrated velocity bias estimation to overcome contact nonlinearities in legged robot odometry},
  author={Wisth, David and Camurri, Marco and Fallon, Maurice},
  booktitle={2020 IEEE International Conference on Robotics and Automation (ICRA)},
  pages={392--398},
  year={2020},
  organization={IEEE}
}

@article{wisth2021vilens,
  title={VILENS: Visual, inertial, lidar, and leg odometry for all-terrain legged robots},
  author={Wisth, David and Camurri, Marco and Fallon, Maurice},
  journal={arXiv preprint arXiv:2107.07243},
  year={2021}
}