@inproceedings{carpentier2017multi,
  title={Multi-contact locomotion of legged robots in complex environments--the loco3d project},
  author={Carpentier, Justin and Del Prete, Andrea and Tonneau, Steve and Flayols, Thomas and Forget, Florent and Mifsud, Alexis and Giraud, Kevin and Atchuthan, Dinesh and Fernbach, Pierre and Budhiraja, Rohan and others},
  booktitle={RSS Workshop on Challenges in Dynamic Legged Locomotion},
  pages={3p},
  year={2017}
}