@inproceedings{lupton-09,
	Author = {Todd Lupton and Salah Sukkarieh},
	Booktitle = {IEEE/RSJ Int. Conf. on Intelligent Robots and Systems},
	Date-Added = {2020-10-31 20:16:59 +0100},
	Date-Modified = {2020-10-31 20:16:59 +0100},
	Title = {Efficient Integration of Inertial Observations into Visual SLAM without Initialization},
	Year = {2009}
}

@article{forster2017-TRO,
	Author = {C. {Forster} and L. {Carlone} and F. {Dellaert} and D. {Scaramuzza}},
	Doi = {10.1109/TRO.2016.2597321},
	Journal = {IEEE Transactions on Robotics},
	Number = {1},
	Pages = {1-21},
	Title = {On-Manifold Preintegration for Real-Time Visual--Inertial Odometry},
	Volume = {33},
	Year = {2017},
	Bdsk-Url-1 = {https://doi.org/10.1109/TRO.2016.2597321}
}


@article{luo2021unified,
  title={The Unified Mathematical Framework for IMU Preintegration in Inertial-Aided Navigation System},
  author={Luo, Yarong and Guo, Chi and Liu, Jingnan and others},
  journal={arXiv preprint arXiv:2111.09100},
  year={2021}
}

@article{brossard2021associating,
  title={Associating uncertainty to extended poses for on lie group IMU preintegration with rotating Earth},
  author={Brossard, Martin and Barrau, Axel and Chauchat, Paul and Bonnabel, Silv{\`e}re},
  journal={IEEE Transactions on Robotics},
  year={2021},
  publisher={IEEE}
}

@article{eckenhoff2019closed,
  title={Closed-form preintegration methods for graph-based visual--inertial navigation},
  author={Eckenhoff, Kevin and Geneva, Patrick and Huang, Guoquan},
  journal={The International Journal of Robotics Research},
  volume={38},
  number={5},
  pages={563--586},
  year={2019},
  publisher={SAGE Publications Sage UK: London, England}
}