@article{waldron1986adaptive,
  title={The adaptive suspension vehicle},
  author={Waldron, KENNETHJ and McGhee, ROBERTB},
  journal={IEEE Control Systems Magazine},
  volume={6},
  number={6},
  pages={7--12},
  year={1986},
  publisher={IEEE}
}

@techreport{roston1991dead,
  title       = {Dead reckoning navigation for walking robots},
  author      = {Roston, Gerald P and Krotkov, Eric P},
  year        = {1991},
  institution = {CARNEGIE-MELLON UNIV PITTSBURGH PA ROBOTICS INST}
}


@inproceedings{besl1992method,
  title={Method for registration of 3-D shapes},
  author={Besl, Paul J and McKay, Neil D},
  booktitle={Sensor fusion IV: control paradigms and data structures},
  volume={1611},
  pages={586--606},
  year={1992},
  organization={International Society for Optics and Photonics}
}


@inproceedings{rehbinder2000nonlinear,
  title={Nonlinear pitch and roll estimation for walking robots},
  author={Rehbinder, Henrik and He, Xiaoming},
  booktitle={Proceedings 2000 ICRA. Millennium Conference. IEEE International Conference on Robotics and Automation. Symposia Proceedings (Cat. No. 00CH37065)},
  volume={3},
  pages={2617--2622},
  year={2000},
  organization={IEEE}
}



@article{lin2005leg,
  title     = {A leg configuration measurement system for full-body pose estimates in a hexapod robot},
  author    = {Lin, Pei-Chun and Komsuoglu, Haldun and Koditschek, Daniel E},
  journal   = {IEEE Transactions on robotics},
  volume    = {21},
  number    = {3},
  pages     = {411--422},
  year      = {2005},
  publisher = {IEEE}
}

@inproceedings{gassmann2005localization,
  title        = {Localization of walking robots},
  author       = {Gassmann, Bernd and Zacharias, Franziska and Zollner, J Marius and Dillmann, R{\"u}diger},
  booktitle    = {Proceedings of the 2005 IEEE International Conference on Robotics and Automation},
  pages        = {1471--1476},
  year         = {2005},
  organization = {IEEE}
}

@article{lin2006sensor,
  title     = {Sensor data fusion for body state estimation in a hexapod robot with dynamical gaits},
  author    = {Lin, Pei-Chun and Komsuoglu, Haldun and Koditschek, Daniel E},
  journal   = {IEEE Transactions on Robotics},
  volume    = {22},
  number    = {5},
  pages     = {932--943},
  year      = {2006},
  publisher = {IEEE}
}


@inproceedings{aoustin2008experimental,
  title        = {Experimental comparison of several posture estimation solutions for biped robot rabbit},
  author       = {Aoustin, Yannick and Plestan, Franck and Lebastard, Vincent},
  booktitle    = {2008 IEEE International Conference on Robotics and Automation},
  pages        = {1270--1275},
  year         = {2008},
  organization = {IEEE}
}

@inproceedings{bledt2018cheetah,
  title        = {Mit cheetah 3: Design and control of a robust, dynamic quadruped robot},
  author       = {Bledt, Gerardo and Powell, Matthew J and Katz, Benjamin and Di Carlo, Jared and Wensing, Patrick M and Kim, Sangbae},
  booktitle    = {2018 IEEE/RSJ International Conference on Intelligent Robots and Systems (IROS)},
  pages        = {2245--2252},
  year         = {2018},
  organization = {IEEE}
}

@article{bloesch2013state,
  title     = {State estimation for legged robots-consistent fusion of leg kinematics and IMU},
  author    = {Bloesch, Michael and Hutter, Marco and Hoepflinger, Mark A and Leutenegger, Stefan and Gehring, Christian and Remy, C David and Siegwart, Roland},
  journal   = {Robotics},
  volume    = {17},
  pages     = {17--24},
  year      = {2013},
  publisher = {MIT Press}
}

@inproceedings{chilian2011multisensor,
  title        = {Multisensor data fusion for robust pose estimation of a six-legged walking robot},
  author       = {Chilian, Annett and Hirschm{\"u}ller, Heiko and G{\"o}rner, Martin},
  booktitle    = {2011 IEEE/RSJ International Conference on Intelligent Robots and Systems},
  pages        = {2497--2504},
  year         = {2011},
  organization = {IEEE}
}

@article{cobano2008location,
  title     = {Location of legged robots in outdoor environments},
  author    = {Cobano, Jose A and Estremera, Joaquin and De Santos, P Gonzalez},
  journal   = {Robotics and Autonomous Systems},
  volume    = {56},
  number    = {9},
  pages     = {751--761},
  year      = {2008},
  publisher = {Elsevier}
}

@inproceedings{fallon2014drift,
  title        = {Drift-free humanoid state estimation fusing kinematic, inertial and lidar sensing},
  author       = {Fallon, Maurice F and Antone, Matthew and Roy, Nicholas and Teller, Seth},
  booktitle    = {2014 IEEE-RAS International Conference on Humanoid Robots},
  pages        = {112--119},
  year         = {2014},
  organization = {IEEE}
}

@article{feng2015optimization,
  title     = {Optimization-based full body control for the darpa robotics challenge},
  author    = {Feng, Siyuan and Whitman, Eric and Xinjilefu, X and Atkeson, Christopher G},
  journal   = {Journal of Field Robotics},
  volume    = {32},
  number    = {2},
  pages     = {293--312},
  year      = {2015},
  publisher = {Wiley Online Library}
}

@inproceedings{flayols2017experimental,
  title        = {Experimental evaluation of simple estimators for humanoid robots},
  author       = {Flayols, Thomas and Del Prete, Andrea and Wensing, Patrick and Mifsud, Alexis and Benallegue, Mehdi and Stasse, Olivier},
  booktitle    = {2017 IEEE-RAS 17th International Conference on Humanoid Robotics (Humanoids)},
  pages        = {889--895},
  year         = {2017},
  organization = {IEEE}
}



@article{gorner2013leg,
  title     = {A leg proprioception based 6 DOF odometry for statically stable walking robots},
  author    = {G{\"o}rner, Martin and Stelzer, Annett},
  journal   = {Autonomous Robots},
  volume    = {34},
  number    = {4},
  pages     = {311--326},
  year      = {2013},
  publisher = {Springer}
}

@article{gur2012model,
  title     = {Model-based proprioceptive state estimation for springmass running},
  author    = {Gur, Ozlem and Saranli, ULU{\c{C}}},
  journal   = {Robotics: Science and Systems VII},
  pages     = {105--112},
  year      = {2012},
  publisher = {MIT Press}
}


@article{johnson2015team,
  title     = {Team IHMC's lessons learned from the DARPA robotics challenge trials},
  author    = {Johnson, Matthew and Shrewsbury, Brandon and Bertrand, Sylvain and Wu, Tingfan and Duran, Daniel and Floyd, Marshall and Abeles, Peter and Stephen, Douglas and Mertins, Nathan and Lesman, Alex and others},
  journal   = {Journal of Field Robotics},
  volume    = {32},
  number    = {2},
  pages     = {192--208},
  year      = {2015},
  publisher = {Wiley Online Library}
}

@article{lebastard2011estimation,
  title     = {Estimation of absolute orientation for a bipedal robot: Experimental results},
  author    = {Lebastard, Vincent and Aoustin, Yannick and Plestan, Franck},
  journal   = {IEEE Transactions on Robotics},
  volume    = {27},
  number    = {1},
  pages     = {170--174},
  year      = {2011},
  publisher = {IEEE}
}




@inproceedings{ma2012robust,
  title        = {Robust multi-sensor, day/night 6-DOF pose estimation for a dynamic legged vehicle in GPS-denied environments},
  author       = {Ma, Jeremy and Susca, Sara and Bajracharya, Max and Matthies, Larry and Malchano, Matt and Wooden, Dave},
  booktitle    = {2012 IEEE International Conference on Robotics and Automation},
  pages        = {619--626},
  year         = {2012},
  organization = {IEEE}
}


@inproceedings{reinstein2011dead,
  title        = {Dead reckoning in a dynamic quadruped robot: Inertial navigation system aided by a legged odometer},
  author       = {Reinstein, Michal and Hoffmann, Matej},
  booktitle    = {2011 IEEE International Conference on Robotics and Automation},
  pages        = {617--624},
  year         = {2011},
  organization = {IEEE}
}


@inproceedings{rotella2014state,
  title        = {State estimation for a humanoid robot},
  author       = {Rotella, Nicholas and Bloesch, Michael and Righetti, Ludovic and Schaal, Stefan},
  booktitle    = {2014 IEEE/RSJ International Conference on Intelligent Robots and Systems},
  pages        = {952--958},
  year         = {2014},
  organization = {IEEE}
}

@article{bloesch2018technical,
  title={Technical Implementations of the Sense of Balance},
  author={Bloesch, Michael and Hutter, Marco},
  journal={Journal: Humanoid Robotics: A Reference},
  pages={1489--1517},
  year={2018}
}

@inproceedings{xinjilefu2014decoupled,
  title        = {Decoupled state estimation for humanoids using full-body dynamics},
  author       = {Xinjilefu, X and Feng, Siyuan and Huang, Weiwei and Atkeson, Christopher G},
  booktitle    = {2014 IEEE International Conference on Robotics and Automation (ICRA)},
  pages        = {195--201},
  year         = {2014},
  organization = {IEEE}
}

@article{hartley2020contact,
  title={Contact-aided invariant extended Kalman filtering for robot state estimation},
  author={Hartley, Ross and Ghaffari, Maani and Eustice, Ryan M and Grizzle, Jessy W},
  journal={The International Journal of Robotics Research},
  volume={39},
  number={4},
  pages={402--430},
  year={2020},
  publisher={SAGE Publications Sage UK: London, England}
}


@phdthesis{bloesch2017state,
  title={State estimation for legged robots-kinematics, inertial sensing, and computer vision},
  author={Bloesch, Michael},
  year={2017},
  school={ETH Zurich}
}

@article{camurri2017multisensory,
  title={Multisensory state estimation and mapping on dynamic legged robots},
  author={Camurri, M},
  journal={Istituto Italiano di Tecnologia and Univ. Genoa},
  year={2017}
}