%%%%%%%%%%%%%%%%%%%%%
% Personal references
%%%%%%%%%%%%%%%%%%%%%
@inproceedings{fourmy2019absolute,
  title={Absolute humanoid localization and mapping based on IMU Lie group and fiducial markers},
  author={Fourmy, Mederic and Atchuthan, Dinesh and Mansard, Nicolas and Sola, Joan and Flayols, Thomas},
  booktitle={2019 IEEE-RAS 19th International Conference on Humanoid Robots (Humanoids)},
  pages={237--243},
  year={2019},
  organization={IEEE}
}

@inproceedings{fourmy2021contact,
  title={Contact Forces Preintegration for Estimation in Legged Robotics using Factor Graphs},
  author={Fourmy, M{\'e}d{\'e}ric and Flayols, Thomas and L{\'e}ziart, Pierre-Alexandre and Mansard, Nicolas and Sol{\`a}, Joan},
  booktitle={2021 IEEE International Conference on Robotics and Automation (ICRA)},
  pages={1372--1378},
  year={2021},
  organization={IEEE}
}

@article{debeunne2021cosyslam,
  title={CosySLAM: tracking contact features using visual-inertial object-level SLAM for locomotion},
  author={Debeunne, C{\'e}sar and Fourmy, M{\'e}d{\'e}ric and Labb{\'e}, Yann and L{\'e}ziart, Pierre-Alexandre and Saurel, Guilhem and Sol{\`a}, Joan and Mansard, Nicolas},
  year={2021}
}

@article{sola2021wolf,
  title={WOLF: A modular estimation framework for robotics based on factor graphs},
  author={Sola, Joan and Vallve-Navarro, Joan and Casals, Joaquim and Deray, Jeremie and Fourmy, Mederic and Atchuthan, Dinesh and Andrade-Cetto, Juan},
  journal={arXiv preprint arXiv:2110.12919},
  year={2021}
}



%%%%%%%%%%%%%%%%%%%%%%%%%%
% Other general references
%%%%%%%%%%%%%%%%%%%%%%%%%%
@article{grimminger2020open,
title={An Open Torque-Controlled Modular Robot Architecture for Legged Locomotion Research},
author={F. {Grimminger} and A. {Meduri} and M. {Khadiv} and J. {Viereck} and M. {Wüthrich} and M. {Naveau} and V. {Berenz} and S. {Heim} and F. {Widmaier} and T. {Flayols} and J. {Fiene} and A. {Badri-Spröwitz} and L. {Righetti}},
journal={IEEE Robotics and Automation Letters},
year={2020},
volume={5},
number={2},
pages={3650-3657},
doi={10.1109/LRA.2020.2976639},
arXiv = {arXiv:1910.00093}}


@misc{ceres-solver,
  author = "Sameer Agarwal and Keir Mierle and Others",
  title = "Ceres Solver",
  howpublished = "\url{http://ceres-solver.org}",
}


@inproceedings{carpentier2019pinocchio,
  title={The Pinocchio C++ library: A fast and flexible implementation of rigid body dynamics algorithms and their analytical derivatives},
  author={Carpentier, Justin and Saurel, Guilhem and Buondonno, Gabriele and Mirabel, Joseph and Lamiraux, Florent and Stasse, Olivier and Mansard, Nicolas},
  booktitle={2019 IEEE/SICE International Symposium on System Integration (SII)},
  pages={614--619},
  year={2019},
  organization={IEEE}
}

@inproceedings{hereid2017frost,
  title={Frost: Fast robot optimization and simulation toolkit},
  author={Hereid, Ayonga and Ames, Aaron D},
  booktitle={2017 IEEE/RSJ International Conference on Intelligent Robots and Systems (IROS)},
  pages={719--726},
  year={2017},
  organization={IEEE}
}


@article{kalman1960new,
  title={A new approach to linear filtering and prediction problems},
  author={Kalman, Rudolph Emil},
  year={1960}
}


@inproceedings{leziart2021implementation,
  title={Implementation of a Reactive Walking Controller for the New Open-Hardware Quadruped Solo-12},
  author={L{\'e}ziart, Pierre-Alexandre and Flayols, Thomas and Grimminger, Felix and Mansard, Nicolas and Sou{\`e}res, Philippe},
  booktitle={2021 IEEE International Conference on Robotics and Automation (ICRA)},
  pages={5007--5013},
  year={2021},
  organization={IEEE}
}


@article{sola2018micro,
  title={A micro Lie theory for state estimation in robotics},
  author={Sol{\`a} Ortega, Joan and Deray, J{\'e}r{\'e}mie and Atchuthan, Dinseh},
  year={2018}
}
@article{deray2020manif,
  title={Manif: A micro Lie theory library for state estimation in robotics applications},
  author={Deray, J{\'e}r{\'e}mie and Sol{\`a}, Joan},
  journal={Journal of Open Source Software},
  volume={5},
  number={46},
  pages={1371},
  year={2020}
}

@inproceedings{blanco2019modular,
  title={A Modular Optimization Framework for Localization and Mapping.},
  author={Blanco-Claraco, Jos{\'e}-Luis},
  booktitle={Robotics: Science and Systems},
  year={2019}
}


@article{camurri2020pronto,
  title={Pronto: A multi-sensor state estimator for legged robots in real-world scenarios},
  author={Camurri, Marco and Ramezani, Milad and Nobili, Simona and Fallon, Maurice},
  journal={Frontiers in Robotics and AI},
  volume={7},
  pages={68},
  year={2020},
  publisher={Frontiers}
}


% robots
@inproceedings{stasse2017talos,
  title={TALOS: A new humanoid research platform targeted for industrial applications},
  author={Stasse, Olivier and Flayols, Thomas and Budhiraja, Rohan and Giraud-Esclasse, Kevin and Carpentier, Justin and Mirabel, Joseph and Del Prete, Andrea and Sou{\`e}res, Philippe and Mansard, Nicolas and Lamiraux, Florent and others},
  booktitle={2017 IEEE-RAS 17th International Conference on Humanoid Robotics (Humanoids)},
  pages={689--695},
  year={2017},
  organization={IEEE}
}

@inproceedings{englsberger2014overview,
  title={Overview of the torque-controlled humanoid robot TORO},
  author={Englsberger, Johannes and Werner, Alexander and Ott, Christian and Henze, Bernd and Roa, Maximo A and Garofalo, Gianluca and Burger, Robert and Beyer, Alexander and Eiberger, Oliver and Schmid, Korbinian and others},
  booktitle={2014 IEEE-RAS International Conference on Humanoid Robots},
  pages={916--923},
  year={2014},
  organization={IEEE}
}